@inproceedings{tagging,
 author = {Nguyen, Trung Van and Oh, Alice Hae Yun},
 title = {Users' Needs for Social Tagging and Sharing on Mobile Contacts},
 booktitle = {Proceedings of the 12th International Conference on Human Computer Interaction with Mobile Devices and Services},
 series = {MobileHCI '10},
 year = {2010},
 isbn = {978-1-60558-835-3},
 location = {Lisbon, Portugal},
 pages = {387--388},
 numpages = {2},
 url = {http://doi.acm.org/10.1145/1851600.1851678},
 doi = {10.1145/1851600.1851678},
 acmid = {1851678},
 publisher = {ACM},
 address = {New York, NY, USA},
 keywords = {mobile contacts application design, mobile recommendation system, mobile tagging, user study},
}

@article{Ekler2009,
author = {Ekler, P\'{e}ter and Lukovszki, Tam\'{a}s},
doi = {10.1109/ICWMC.2009.66},
isbn = {978-1-4244-4679-7},
journal = {2009 Fifth International Conference on Wireless and Mobile Communications},
keywords = {-component,graph structure,similarities,social networks,syncronization},
pages = {359--364},
publisher = {Ieee},
title = {{Similarity Distribution in Phonebook-Centric Social Networks}},
url = {http://ieeexplore.ieee.org/lpdocs/epic03/wrapper.htm?arnumber=5279654},
year = {2009}
}

@article{Guerreiro2010,
author = {Guerreiro, J and Guerreiro, Tiago and Gon\c{c}alves, Daniel},
isbn = {9781605582467},
journal = {proc. of UDISW},
title = {{Relating Personally Relevant Social Information from Heterogeneous Sources}},
url = {http://web.ist.utl.pt/joao.p.guerreiro/publications/udisw\_2010.pdf},
year = {2010}
}

@article{freeman2000visualizing,
  title={Visualizing social networks},
  author={Freeman, Linton C},
  journal={Journal of social structure},
  volume={1},
  number={1},
  pages={4},
  year={2000}
}

@inproceedings{Viegas,
  title={Social network visualization: Can we go beyond the graph},
  author={Vi{\'e}gas, Fernanda B and Donath, Judith},
  booktitle={Workshop on Social Networks, CSCW},
  volume={4},
  pages={6--10},
  year={2004}
}

@inproceedings{Ankolekar2009,
 author = {Ankolekar, Anupriya and Szabo, Gabor and Luon, Yarun and Huberman, Bernardo A. and Wilkinson, Dennis and Wu, Fang},
 title = {Friendlee: A Mobile Application for Your Social Life},
 booktitle = {Proceedings of the 11th International Conference on Human-Computer Interaction with Mobile Devices and Services},
 series = {MobileHCI '09},
 year = {2009},
 isbn = {978-1-60558-281-8},
 location = {Bonn, Germany},
 pages = {27:1--27:4},
 articleno = {27},
 numpages = {4},
 url = {http://doi.acm.org/10.1145/1613858.1613893},
 doi = {10.1145/1613858.1613893},
 acmid = {1613893},
 publisher = {ACM},
 address = {New York, NY, USA},
 keywords = {ambient awareness, intimate networks, mobile social networking, recommendations},
} 


@inproceedings{Lederer:2003:WKP:765891.765952,
 author = {Lederer, Scott and Mankoff, Jennifer and Dey, Anind K.},
 title = {Who Wants to Know What when? Privacy Preference Determinants in Ubiquitous Computing},
 booktitle = {CHI '03 Extended Abstracts on Human Factors in Computing Systems},
 series = {CHI EA '03},
 year = {2003},
 isbn = {1-58113-637-4},
 location = {Ft. Lauderdale, Florida, USA},
 pages = {724--725},
 numpages = {2},
 url = {http://doi.acm.org/10.1145/765891.765952},
 doi = {10.1145/765891.765952},
 acmid = {765952},
 publisher = {ACM},
 address = {New York, NY, USA},
 keywords = {empirical methods, hand held devices and mobile computing, quantitative, social and legal issues, ubiquitous computing and smart environments},
} 

@online{cisco_report,
url = {http://www.cisco.com/web/about/ac49/ac20/about_cisco_annual_reports.html/},
title = {Cisco 2014 Annual Report},
}

@online{Inmaps,
url = {http://inmaps.linkedinlabs.com/},
title = {Inmaps, http://inmaps.linkedinlabs.com/},
}

@online{Whatsapp,
url = {http://www.whatsapp.com/},
title = {Whatsapp, http://www.whatsapp.com/},
}

@online{Snapchat,
url = {http://www.snapchat.com/},
title = {Snapchat, http://www.snapchat.com/},
}

@online{Skype,
url = {http://www.skype.com/},
title = {Skype, http://www.skype.com/},
}

@online{Facebook,
url = {http://www.facebook.com/},
title = {Facebook, http://www.facebook.com/},
}

@online{Linkedin,
url = {http://www.linkedin.com/},
title = {Linkedin, http://www.linkedin.com/},
}

@online{Viber,
url = {http://www.viber.com/},
title = {Viber, http://www.viber.com/},
}

@online{Fring,
url = {http://www.fring.com/},
title = {Fring, http://www.fring.com/},
}

@online{Android,
url = {http://www.android.com/},
title = {Android, http://www.android.com/},
}

@online{linkedinblog,
url = {http://blog.linkedin.com/2011/01/24/linkedin-inmaps/},
title = {LinkedIn Blog, http://blog.linkedin.com/2011/01/24/linkedin-inmaps/},
}

@online{delicious,
url = {http://delicious.com/},
title = {Delicious, http://delicious.com/},
}

@online{flickr,
url = {http://www.flickr.com/},
title = {Flickr, http://www.flickr.com/},
}

@online{youtube,
url = {http://www.youtube.com/},
title = {Youtube, http://www.youtube.com/},
}

@online{stackoverflow,
url = {http://stackoverflow.com/},
title = {Stackoverflow, http://stackoverflow.com/},
}

@online{twitter,
url = {http://twitter.com/},
title = {Twitter, http://twitter.com/},
}

@online{gmail,
url = {http://gmail.com/},
title = {Gmail, http://gmail.com/},
}

@online{osxtag,
url = {http://support.apple.com/kb/HT5839},
title = {OS X 10.9 Tags, http://support.apple.com/kb/HT5839},
}

@online{puitag,
url = {http://tagging.pui.ch/post/37027745720/tags-database-schemas},
title = {Tags: Database schemas, http://tagging.pui.ch/post/37027745720/tags-database-schemas},
}

@online{mysqlicious,
url = {https://code.google.com/p/mysqlicious/},
title = {Mysqlicious, https://code.google.com/p/mysqlicious/},
}

@online{scuttle,
url = {http://sourceforge.net/projects/scuttle/},
title = {Scuttle, http://sourceforge.net/projects/scuttle/},
}

@online{toxi,
url = {http://toxi.co.uk/},
title = {Toxi, http://toxi.co.uk/},
}

@online{wordpress,
url = {http://wordpress.org/},
title = {WordPress, http://wordpress.org/},
}

@online{puiperformance,
url = {http://tagging.pui.ch/post/37027746608/tagsystems-performance-tests},
title = {Tagsystems: Performance Tests, http://tagging.pui.ch/post/37027746608/tagsystems-performance-testsg/},
}

@techreport{cisco_white_paper,
author = {Cisco},
title = {Global Mobile Data Traffic Forecast Update},
year = {2014},
institution = {Cisco},
month = {02},
}

@techreport{gartner,
author = {Gartner},
title = {Predicts 2014: Apps, Personal Cloud and Data Analytics Will Drive New Consumer Interactions},
year = {2014},
institution = {Gartner},
}

@inproceedings{Furnas:2006:WTS:1125451.1125462,
 author = {Furnas, George W. and Fake, Caterina and von Ahn, Luis and Schachter, Joshua and Golder, Scott and Fox, Kevin and Davis, Marc and Marlow, Cameron and Naaman, Mor},
 title = {Why Do Tagging Systems Work?},
 booktitle = {CHI '06 Extended Abstracts on Human Factors in Computing Systems},
 series = {CHI EA '06},
 year = {2006},
 isbn = {1-59593-298-4},
 location = {Montr\&\#233;al, Qu\&\#233;bec, Canada},
 pages = {36--39},
 numpages = {4},
 url = {http://doi.acm.org/10.1145/1125451.1125462},
 doi = {10.1145/1125451.1125462},
 acmid = {1125462},
 publisher = {ACM},
 address = {New York, NY, USA},
 keywords = {Flickr, del.icio.us, design guidelines, social software, tagging},
}

@article{Komninos2009,
author = {Komninos, Andreas},
file = {:Users/Salemzzz/Dropbox/Papers/Using Communication Frequency and Recency Context to Facilitate Mobile Contact List Retrieval.pdf:pdf},
isbn = {9781605582818},
pages = {8--9},
title = {{The Use of Mobile Contact List applications and a Context- Oriented Framework to Support their Design}},
year = {2009}
}

@inproceedings{Whittaker2002,
  title={Contact management: identifying contacts to support long-term communication},
  author={Whittaker, Steve and Jones, Quentin and Terveen, Loren},
  booktitle={Proceedings of the 2002 ACM conference on Computer supported cooperative work},
  pages={216--225},
  year={2002},
  organization={ACM}
}

@article{Jung2008,
address = {New York, New York, USA},
author = {Jung, Younghee and Anttila, Akseli and Blom, Jan},
doi = {10.1145/1409240.1409311},
file = {:Users/Salemzzz/Library/Application Support/Mendeley Desktop/Downloaded/Jung, Anttila, Blom - 2008 - Designing for the evolution of mobile contacts application.pdf:pdf},
isbn = {9781595939524},
journal = {Proceedings of the 10th international conference on Human computer interaction with mobile devices and services - MobileHCI '08},
keywords = {concept design,concept exploration,mobile communication,prototyping,user preference modeling,user studies},
mendeley-groups = {- Mobile Social Cloud,- Mobile Social Cloud/Important},
pages = {449},
publisher = {ACM Press},
title = {{Designing for the evolution of mobile contacts application}},
url = {http://portal.acm.org/citation.cfm?doid=1409240.1409311},
year = {2008}
}

@article{golder2006usage,
  title={Usage patterns of collaborative tagging systems},
  author={Golder, Scott A and Huberman, Bernardo A},
  journal={Journal of information science},
  volume={32},
  number={2},
  pages={198--208},
  year={2006},
  publisher={Sage Publications}
}

@article{cattuto2007semiotic,
  title={Semiotic dynamics and collaborative tagging},
  author={Cattuto, Ciro and Loreto, Vittorio and Pietronero, Luciano},
  journal={Proceedings of the National Academy of Sciences},
  volume={104},
  number={5},
  pages={1461--1464},
  year={2007},
  publisher={National Acad Sciences}
}

@inproceedings{marlow2006ht06,
  title={HT06, tagging paper, taxonomy, Flickr, academic article, to read},
  author={Marlow, Cameron and Naaman, Mor and Boyd, Danah and Davis, Marc},
  booktitle={Proceedings of the seventeenth conference on Hypertext and hypermedia},
  pages={31--40},
  year={2006},
  organization={ACM}
}

@inproceedings{ames2007we,
  title={Why we tag: motivations for annotation in mobile and online media},
  author={Ames, Morgan and Naaman, Mor},
  booktitle={Proceedings of the SIGCHI conference on Human factors in computing systems},
  pages={971--980},
  year={2007},
  organization={ACM}
}

@article{millen2005social,
  title={Social bookmarking in the enterprise},
  author={Millen, David and Feinberg, Jonathan and Kerr, Bernard},
  journal={Queue},
  volume={3},
  number={9},
  pages={28--35},
  year={2005},
  publisher={ACM}
}

@article{baldauf2007survey,
  title={A survey on context-aware systems},
  author={Baldauf, Matthias and Dustdar, Schahram and Rosenberg, Florian},
  journal={International Journal of Ad Hoc and Ubiquitous Computing},
  volume={2},
  number={4},
  pages={263--277},
  year={2007},
  publisher={Inderscience}
}

@article{schilit1994disseminating,
  title={Disseminating active map information to mobile hosts},
  author={Schilit, Bill N and Theimer, Marvin M},
  journal={Network, IEEE},
  volume={8},
  number={5},
  pages={22--32},
  year={1994},
  publisher={IEEE}
}

@inproceedings{ryan1998enhanced,
  title={Enhanced reality fieldwork: the context-aware archaeological assistant},
  author={Ryan, Nick S and Pascoe, Jason and Morse, David R},
  booktitle={Computer applications in archaeology},
  year={1998},
  organization={Tempus Reparatum}
}

@inproceedings{dey1998context,
  title={Context-aware computing: The CyberDesk project},
  author={Dey, Anind K},
  booktitle={Proceedings of the AAAI 1998 Spring Symposium on Intelligent Environments},
  pages={51--54},
  year={1998}
}

@inproceedings{abowd1999towards,
  title={Towards a better understanding of context and context-awareness},
  author={Abowd, Gregory D and Dey, Anind K and Brown, Peter J and Davies, Nigel and Smith, Mark and Steggles, Pete},
  booktitle={Handheld and ubiquitous computing},
  pages={304--307},
  year={1999},
  organization={Springer}
}

@article{prekop2003activities,
  title={Activities, context and ubiquitous computing},
  author={Prekop, Paul and Burnett, Mark},
  journal={Computer Communications},
  volume={26},
  number={11},
  pages={1168--1176},
  year={2003},
  publisher={Elsevier}
}

@inproceedings{gustavsen2002condor,
  title={Condor--an application framework for mobility-based context-aware applications},
  author={Gustavsen, Richard Moe},
  booktitle={Proceedings of the workshop on concepts and models for ubiquitous computing},
  volume={39},
  year={2002}
}

@inproceedings{budzik2000user,
  title={User interactions with everyday applications as context for just-in-time information access},
  author={Budzik, Jay and Hammond, Kristian J},
  booktitle={Proceedings of the 5th international conference on intelligent user interfaces},
  pages={44--51},
  year={2000},
  organization={ACM}
}

@inproceedings{finkelstein2001placing,
  title={Placing search in context: The concept revisited},
  author={Finkelstein, Lev and Gabrilovich, Evgeniy and Matias, Yossi and Rivlin, Ehud and Solan, Zach and Wolfman, Gadi and Ruppin, Eytan},
  booktitle={Proceedings of the 10th international conference on World Wide Web},
  pages={406--414},
  year={2001},
  organization={ACM}
}

@article{chen2003ontology,
  title={An ontology for context-aware pervasive computing environments},
  author={Chen, Harry and Finin, Tim and Joshi, Anupam},
  journal={The Knowledge Engineering Review},
  volume={18},
  number={03},
  pages={197--207},
  year={2003},
  publisher={Cambridge Univ Press}
}

@inproceedings{ailisto2002structuring,
  title={Structuring context aware applications: Five-layer model and example case},
  author={Ailisto, Heikki and Alahuhta, Petteri and Haataja, Ville and Kyll{\"o}nen, Vesa and Lindholm, Mikko},
  booktitle={Proceedings of the Workshop on Concepts and Models for Ubiquitous Computing},
  pages={1--5},
  year={2002}
}

@inproceedings{indulska2003location,
  title={Location management in pervasive systems},
  author={Indulska, Jadwiga and Sutton, Peter},
  booktitle={Proceedings of the Australasian information security workshop conference on ACSW frontiers 2003-Volume 21},
  pages={143--151},
  year={2003},
  organization={Australian Computer Society, Inc.}
}

@inproceedings{strang2004context,
  title={A context modeling survey},
  author={Strang, Thomas and Linnhoff-Popien, Claudia},
  booktitle={Workshop Proceedings},
  year={2004}
}

@inproceedings{lamming1994forget,
  title={Forget-me-not: Intimate computing in support of human memory},
  author={Lamming, Mik and Flynn, Mike},
  booktitle={Proc. FRIEND21, 1994 Int. Symp. on Next Generation Human Interface},
  pages={4},
  year={1994},
  organization={Citeseer}
}

@article{weiser1991computer,
  title={The computer for the 21st century},
  author={Weiser, Mark},
  journal={Scientific american},
  volume={265},
  number={3},
  pages={94--104},
  year={1991},
  publisher={Nature Publishing Group}
}

@article{eldridge1994autobiographical,
  title={Autobiographical memory and daily schemas at work},
  author={Eldridge, Margery A and Barnard, Philip J and Bekerian, Debra A},
  journal={Memory},
  volume={2},
  number={1},
  pages={51--74},
  year={1994},
  publisher={Taylor \& Francis}
}

@article{boyd2010social,
  title={Social network sites: Definition, history, and scholarship},
  author={Boyd, Danah M and Ellison, Nicole B},
  journal={Engineering Management Review, IEEE},
  volume={38},
  number={3},
  pages={16--31},
  year={2010},
  publisher={IEEE}
}

@article{sunden2003material,
  title={Material virtualities: Approaching online textual embodiment},
  author={Sund{\'e}n, Jenny},
  year={2003},
  publisher={Peter Lang Publishing}
}

@article{humphreys2007mobile,
  title={Mobile social networks and social practice: A case study of Dodgeball},
  author={Humphreys, Lee},
  journal={Journal of Computer-Mediated Communication},
  volume={13},
  number={1},
  pages={341--360},
  year={2007},
  publisher={Wiley Online Library}
}

@article{boyd2006friends,
  title={Friends, friendsters, and myspace top 8: Writing community into being on social network sites},
  author={Boyd, Danah},
  year={2006},
  publisher={Citeseer}
}

@inproceedings{gross2005information,
  title={Information revelation and privacy in online social networks},
  author={Gross, Ralph and Acquisti, Alessandro},
  booktitle={Proceedings of the 2005 ACM workshop on Privacy in the electronic society},
  pages={71--80},
  year={2005},
  organization={ACM}
}

@article{ellison2007benefits,
  title={The benefits of Facebook “friends:” Social capital and college students’ use of online social network sites},
  author={Ellison, Nicole B and Steinfield, Charles and Lampe, Cliff},
  journal={Journal of Computer-Mediated Communication},
  volume={12},
  number={4},
  pages={1143--1168},
  year={2007},
  publisher={Wiley Online Library}
}

@inproceedings{lampe2006face,
  title={A Face (book) in the crowd: Social searching vs. social browsing},
  author={Lampe, Cliff and Ellison, Nicole and Steinfield, Charles},
  booktitle={Proceedings of the 2006 20th anniversary conference on Computer supported cooperative work},
  pages={167--170},
  year={2006},
  organization={ACM}
}

@article{boyd2007youth,
  title={Why youth (heart) social network sites: The role of networked publics in teenage social life},
  author={Boyd, Danah},
  journal={MacArthur foundation series on digital learning--Youth, identity, and digital media volume},
  pages={119--142},
  year={2007},
  publisher={MIT Press, Cambridge, MA}
}

@article{mell2011nist,
  title={The NIST definition of cloud computing},
  author={Mell, Peter and Grance, Tim},
  year={2011},
  publisher={Computer Security Division, Information Technology Laboratory, National Institute of Standards and Technology}
}
